@article{delaurentis1990monte,
  title={A Monte Carlo method for Poisson's equation},
  author={DeLaurentis, John M and Romero, Louis A},
  journal={Journal of Computational Physics},
  volume={90},
  number={1},
  pages={123--140},
  year={1990},
  publisher={Elsevier}
}

@book{axler2013harmonic,
  title={Harmonic function theory},
  author={Axler, Sheldon and Bourdon, Paul and Wade, Ramey},
  volume={137},
  year={2013},
  publisher={Springer Science \& Business Media}
}

@book{zachmanoglou1986introduction,
  title={Introduction to partial differential equations with applications},
  author={Zachmanoglou, Eleftherios C and Thoe, Dale W},
  year={1986},
  publisher={Courier Corporation}
}